


@article{planck,
	Author = {C. Boehm, M. J. Dolan, C. McCabe},
	Journal = {JCAP08(2013)041, arXiv:1303.6270 [hep-ph]},
	Title = {A Lower Bound on the Mass of Cold Thermal Dark Matter from Planck},
	Year = {2013}}

@article{wmap,
	Author = {G. Hinshaw \it{et al} (WMAP collaboration) },
	Journal = {1212.5226},
	Title = {},
	Year = {2012}}

@article{selfint,
	Author = {C. Kouvaris},
	Journal = {arXiv:1111.4364v1 [astro-ph.CO]},
	Title = {Limits on Self-Interacting Dark Matter },
	Year = {2011}}


@article{review,
	Author = {K. Pertaki, R. R. Volkas},
	Journal = {arXiv:1305.4939v3 [hep-ph]},
	Title = {Review of asymmetric dark matter},
	Year = {2013}}

@article{ewparam,
	Author = {M. Peskin, T. Takeuchi},
	Journal = {Phys. Rev. Lett. 65, 964-967},
	Title = {},
	Year = {1990}}

@article{darko,
	Author = {J. Shelton, K. Zurek},
	Journal = {arXiv:1008.1997v1 [hep-ph]},
	Title = {},
	Year = {2010}}

@article{asymm,
	Author = {J. Harvey, M. Turner},
	Journal = {Phys. Rev. D42 3344-3349},
	Title = {},
	Year = {1990}}

@article{obs1,
	Author = {G.D. Kribs, T. Plehn, M. Spannowsky \it{et al.}},
	Journal = {Phys. Rev. D76 075016 [arXiv:0706.3718 [hep-ph]]},
	Title = {},
	Year = {2007}}

@article{relic,
	Author = {H. Iminniyaz, M. Drees, X. Chen},
	Journal = {[arXiv:1104.5548v2 [hep-ph]]},
	Title = {},
	Year = {2011}}

@article{cogent,
	Author = {C. Aalseth \it{et al} (CoGeNT collaboration)},
	Journal = {Phys. Rev. Lett. 106, 131301 (2011),1002.4703},
	Title = {},
	Year = {2011}}

@article{cresst,
	Author = {G. Angloher, M. Bauer, I. Bavykina, et al (CoGeNT collaboration)},
	Journal = {Eur.Phys.J. C72, 1971 (2012),1109.0702},
	Title = {},
	Year = {2012}}



